@article{johnson1879notes,
  title={Notes on the” 15” puzzle},
  author={Johnson, William Woolsey and Story, William Edward},
  journal={American Journal of Mathematics},
  volume={2},
  number={4},
  pages={397--404},
  year={1879},
  publisher={JSTOR},
  url={http://www.jstor.org/stable/2369492?origin=crossref&}
}

@article{dijkstra1959note,
  title={A note on two problems in connexion with graphs},
  author={Dijkstra, Edsger W},
  journal={Numerische mathematik},
  volume={1},
  number={1},
  pages={269--271},
  year={1959},
  publisher={Springer},
  url={http://www.cs.yale.edu/homes/lans/readings/routing/dijkstra-routing-1959.pdf}
}

@article{hart1968formal,
  title={A formal basis for the heuristic determination of minimum cost paths},
  author={Hart, Peter E and Nilsson, Nils J and Raphael, Bertram},
  journal={IEEE transactions on Systems Science and Cybernetics},
  volume={4},
  number={2},
  pages={100--107},
  year={1968},
  publisher={IEEE},
  url={http://ai.stanford.edu/~nilsson/OnlinePubs-Nils/PublishedPapers/astar.pdf}
}

@article{knuth1975estimating,
  title={Estimating the efficiency of backtrack programs},
  author={Knuth, Donald E},
  journal={Mathematics of computation},
  volume={29},
  number={129},
  pages={122--136},
  year={1975},
  url={http://www.ams.org/mcom/1975-29-129/S0025-5718-1975-0373371-6/S0025-5718-1975-0373371-6.pdf}
}

@article{purdom1978tree,
  title={Tree size by partial backtracking},
  author={Purdom, Paul W},
  journal={SIAM Journal on Computing},
  volume={7},
  number={4},
  pages={481--491},
  year={1978},
  publisher={SIAM},
  url={http://www.cs.indiana.edu/pub/techreports/TR60.pdf}
}

@article{pearl1984heuristics,
  title={Heuristics: intelligent search strategies for computer problem solving},
  author={Pearl, Judea},
  year={1984},
  publisher={Addison-Wesley Pub. Co., Inc., Reading, MA},
  url={http://mat.uab.cat/~alseda/MasterOpt/Judea_Pearl-Heuristics_Intelligent_Search_Strategies_for_Computer_Problem_Solving.pdf}
}

@article{korf1985depth,
  title={Depth-first iterative-deepening: An optimal admissible tree search},
  author={Korf, Richard E},
  journal={Artificial intelligence},
  volume={27},
  number={1},
  pages={97--109},
  year={1985},
  publisher={Elsevier},
  url={https://core.ac.uk/download/pdf/27291279.pdf}
}

@article{chen1992heuristic,
  title={Heuristic sampling: A method for predicting the performance of tree searching programs},
  author={Chen, Pang C},
  journal={SIAM Journal on Computing},
  volume={21},
  number={2},
  pages={295--315},
  year={1992},
  publisher={SIAM},
  url={http://sites.uci.edu/automatedreasoninggroup/files/2015/10/Chen-Heuristic-Sampling-1992.pdf}
}

@article{knoblock1994automatically,
  title={Automatically generating abstractions for planning},
  author={Knoblock, Craig A},
  journal={Artificial intelligence},
  volume={68},
  number={2},
  pages={243--302},
  year={1994},
  publisher={Elsevier},
  url={http://www.dtic.mil/dtic/tr/fulltext/u2/a269772.pdf}
}

@inproceedings{holte1996hierarchical,
  title={Hierarchical A*: Searching abstraction hierarchies efficiently},
  author={Holte, Robert C and Perez, Maria B and Zimmer, Robert M and MacDonald, Alan J},
  booktitle={AAAI/IAAI, Vol. 1},
  pages={530--535},
  year={1996},
  organization={Citeseer},
  url={http://citeseerx.ist.psu.edu/viewdoc/download?doi=10.1.1.42.1704&rep=rep1&type=pdf}
}

@inproceedings{edelkamp1998branching,
  title={The branching factor of regular search spaces},
  author={Edelkamp, Stefan and Korf, Richard E},
  booktitle={AAAI/IAAI},
  pages={299--304},
  year={1998},
  url={http://www.aaai.org/Papers/AAAI/1998/AAAI98-042.pdf}
}

@article{culberson1998pattern,
  title={Pattern databases},
  author={Culberson, Joseph C and Schaeffer, Jonathan},
  journal={Computational Intelligence},
  volume={14},
  number={3},
  pages={318--334},
  year={1998},
  publisher={Wiley Online Library},
  url={https://www.cs.us.es/cursos/ia1-2007/trabajos/trabajo-1/pattern-databases.pdf}
}

@article{hernadvolgyi1999psvn,
  title={PSVN: A vector representation for production systems},
  author={Hern{\'a}dv{\"o}lgyi, Istv{\'a}n T and Holte, Robert C},
  year={1999},
  publisher={Citeseer},
  url={https://webdocs.cs.ualberta.ca/~holte/Publications/tr-99-04.pdf}
}


@article{korf2001time,
  title={Time complexity of iterative-deepening-A*},
  author={Korf, Richard E and Reid, Michael and Edelkamp, Stefan},
  journal={Artificial Intelligence},
  volume={129},
  number={1},
  pages={199--218},
  year={2001},
  publisher={Elsevier},
  url={http://www.sciencedirect.com/science/article/pii/S0004370201000947}
}

@inproceedings{helmert2007flexible,
  title={Flexible Abstraction Heuristics for Optimal Sequential Planning.},
  author={Helmert, Malte and Haslum, Patrik and Hoffmann, J{\"o}rg and others},
  booktitle={ICAPS},
  pages={176--183},
  year={2007},
  url={http://www.aaai.org/Papers/ICAPS/2007/ICAPS07-023.pdf}
}

@article{zahavi2010predicting,
  title={Predicting the performance of IDA* using conditional distributions},
  author={Zahavi, Uzi and Felner, Ariel and Burch, Neil and Holte, Robert C},
  journal={Journal of Artificial Intelligence Research},
  volume={37},
  pages={41--83},
  year={2010},
  url={http://www.jair.org/media/2890/live-2890-4829-jair.pdf}
}

@inproceedings{lelis2011predicting,
  title={Predicting solution cost with conditional probabilities},
  author={Lelis, Levi and Stern, Roni and Arfaee, Shahab Jabbari},
  booktitle={Fourth Annual Symposium on Combinatorial Search},
  year={2011},
  url={http://www.aaai.org/ocs/index.php/SOCS/SOCS11/paper/viewFile/4025/4364}
}

@inproceedings{lelis2012predicting,
  title={Predicting optimal solution cost with bidirectional stratified sampling},
  author={Lelis, Levi and Stern, Roni and Felner, Ariel and Zilles, Sandra and Holte, Robert C},
  booktitle={ICAPS},
  pages={155--163},
  year={2012},
  url={http://www2.cs.uregina.ca/~zilles/lelisSFZH12.pdf}
}

@article{lelis2013predicting,
  title={Predicting the size of IDA* ʼs search tree},
  author={Lelis, Levi HS and Zilles, Sandra and Holte, Robert C},
  journal={Artificial Intelligence},
  volume={196},
  pages={53--76},
  year={2013},
  publisher={Elsevier},
  url={https://pdfs.semanticscholar.org/4207/f6a39a79ef031afb0ad2a016fa58ecf3373e.pdf}
}

@inproceedings{lelis2013active,
  title={Active stratified sampling with clustering-based type systems for predicting the search tree size of problems with real-valued heuristics},
  author={Lelis, Levi HS},
  booktitle={Sixth Annual Symposium on Combinatorial Search},
  year={2013},
  url={http://www.aaai.org/ocs/index.php/SOCS/SOCS13/paper/viewFile/7221/6243}
}

@inproceedings{barley2014overcoming,
  title={Overcoming the Utility Problem in Heuristic Generation: Why Time Matters.},
  author={Barley, Michael W and Franco, Santiago and Riddle, Patricia J},
  booktitle={ICAPS},
  year={2014},
  url={https://pdfs.semanticscholar.org/8c22/9a4a5c8b05c554949e8d1f8d7ff58d75e78e.pdf}
}

@inproceedings{lelis2014estimating,
  title={Estimating search tree size with duplicate detection},
  author={Lelis, Levi HS and Stern, Roni and Sturtevant, Nathan R},
  booktitle={Seventh Annual Symposium on Combinatorial Search},
  year={2014},
  url={http://www.aaai.org/ocs/index.php/SOCS/SOCS14/paper/view/8936/8886}
}

